<record><leader>00000cas a22000007a 4500</leader><controlfield tag="001">16409605</controlfield><controlfield tag="008">870808d19751976iauwr ne      0    0eng d</controlfield><datafield ind1=" " ind2=" " tag="010"><subfield code="a">sn 87057792 </subfield></datafield><datafield ind1=" " ind2=" " tag="040"><subfield code="a">INP</subfield><subfield code="b">eng</subfield><subfield code="c">INP</subfield><subfield code="d">OCLCQ</subfield></datafield><datafield ind1=" " ind2=" " tag="042"><subfield code="a">msc</subfield></datafield><datafield ind1="0" ind2="0" tag="245"><subfield code="a">Dickinson County mail news.</subfield></datafield><datafield ind1="1" ind2="7" tag="246"><subfield code="a">Mail-news</subfield></datafield><datafield ind1=" " ind2=" " tag="260"><subfield code="a">Lake Park and Milford, Iowa :</subfield><subfield code="b">Mid-America Pub. Co.,</subfield><subfield code="c">1975-1976.</subfield></datafield><datafield ind1=" " ind2=" " tag="300"><subfield code="a">2 v.</subfield></datafield><datafield ind1=" " ind2=" " tag="310"><subfield code="a">Weekly</subfield></datafield><datafield ind1="0" ind2=" " tag="362"><subfield code="a">Vol. 91, no. 36 (Sept. 4, [1975])-v. 92, no. 14 (Apr. 1, 1976).</subfield></datafield><datafield ind1=" " ind2=" " tag="752"><subfield code="a">United States</subfield><subfield code="b">Iowa</subfield><subfield code="c">Dickinson</subfield><subfield code="d">Lake Park.</subfield></datafield><datafield ind1=" " ind2=" " tag="752"><subfield code="a">United States</subfield><subfield code="b">Iowa</subfield><subfield code="c">Dickinson</subfield><subfield code="d">Milford.</subfield></datafield><datafield ind1="0" ind2="4" tag="780"><subfield code="t">Lake Park news (Lake Park, Iowa : 1890)</subfield><subfield code="w">(DLC)sn 87057568</subfield></datafield><datafield ind1="0" ind2="4" tag="780"><subfield code="t">Milford mail and the Terril record</subfield><subfield code="w">(DLC)sn 87057791</subfield></datafield><datafield ind1="0" ind2="6" tag="785"><subfield code="t">Milford mail, the Terril record</subfield><subfield code="w">(DLC)sn 87057793</subfield></datafield><datafield ind1="0" ind2="6" tag="785"><subfield code="t">Lake Park news (Lake Park, Iowa : 1976)</subfield><subfield code="w">(DLC)sn 87057794</subfield></datafield></record>